<?xml version="1.0" encoding="UTF-8"?><record xmlns="http://www.loc.gov/MARC21/slim" xmlns:cinclude="http://apache.org/cocoon/include/1.0" xmlns:zs="http://www.loc.gov/zing/srw/">
  <leader>01005cz  a2200169n  4500</leader>
  <controlfield tag="001">n  96024145 </controlfield>
  <controlfield tag="003">DLC</controlfield>
  <controlfield tag="005">20120801082654.0</controlfield>
  <controlfield tag="008">960313n| acannaab           |n ana      </controlfield>
  <datafield tag="010" ind1=" " ind2=" ">
    <subfield code="a">n  96024145 </subfield>
  </datafield>
  <datafield tag="040" ind1=" " ind2=" ">
    <subfield code="a">DLC</subfield>
    <subfield code="b">eng</subfield>
    <subfield code="c">DLC</subfield>
    <subfield code="d">DLC</subfield>
  </datafield>
  <datafield tag="111" ind1="2" ind2=" ">
    <subfield code="a">Mezhrespublikanskiĭ simpozium po rasprostranenii︠u︡ lazernogo izluchenii︠a︡ v atmosfere i vodnykh sredakh</subfield>
  </datafield>
  <datafield tag="411" ind1="2" ind2=" ">
    <subfield code="a">Simpozium po rasprostranenii︠u︡ lazernogo izluchenii︠a︡ v atmosfere i vodnykh sredakh, Mezhrespublikanskiĭ</subfield>
  </datafield>
  <datafield tag="511" ind1="2" ind2=" ">
    <subfield code="w">a</subfield>
    <subfield code="a">Vsesoi︠u︡znyĭ simpozium po rasprostranenii︠u︡ lazernogo izluchenii︠a︡ v atmosfere</subfield>
  </datafield>
  <datafield tag="667" ind1=" " ind2=" ">
    <subfield code="a">THIS 1XX FIELD CANNOT BE USED UNDER RDA UNTIL THIS RECORD HAS BEEN REVIEWED AND/OR UPDATED</subfield>
  </datafield>
  <datafield tag="670" ind1=" " ind2=" ">
    <subfield code="a">XII Mezhrespublikanskiĭ simpozium po rasprostranenii︠u︡ lazernogo izluchenii︠a︡ v atmosfere i vodnykh sredakh, 1993:</subfield>
    <subfield code="b">t.p. (1993, Tomsk)</subfield>
  </datafield>
  <datafield tag="675" ind1=" " ind2=" ">
    <subfield code="a">LC data base, 3-13-96 (hdg.: Vsesoi︠u︡znyĭ simpozium po rasprostranenii︠u︡ lazernogo izluchenii︠a︡ v atmosfere)</subfield>
  </datafield>
</record>